<?xml version="1.0" encoding="UTF-8"?><record xmlns="http://www.loc.gov/MARC21/slim" xmlns:cinclude="http://apache.org/cocoon/include/1.0" xmlns:zs="http://www.loc.gov/zing/srw/">
  <leader>00312nz  a2200121n  4500</leader>
  <controlfield tag="001">nr2004021713</controlfield>
  <controlfield tag="003">DLC</controlfield>
  <controlfield tag="005">20040722033119.0</controlfield>
  <controlfield tag="008">040720n| acannaabn          |n aaa     c</controlfield>
  <datafield tag="010" ind1=" " ind2=" ">
    <subfield code="a">nr2004021713</subfield>
  </datafield>
  <datafield tag="040" ind1=" " ind2=" ">
    <subfield code="a">CSmH</subfield>
    <subfield code="b">eng</subfield>
    <subfield code="c">CSmH</subfield>
  </datafield>
  <datafield tag="100" ind1="1" ind2=" ">
    <subfield code="a">Grudsky, Leo</subfield>
  </datafield>
  <datafield tag="670" ind1=" " ind2=" ">
    <subfield code="a">First steps on the tight-rope, 1920:</subfield>
    <subfield code="b">t.p. (Leo Grudsky)</subfield>
  </datafield>
</record>